@misc{WikiNYSE,
  author  = {unknown},
  title   = {New York Stock Exchange},
  year    = {2021},
  url     = {https://en.wikipedia.org/wiki/New_York_Stock_Exchange},
  urldate = {2022-02-01}
  }

@book{CleanCode,
  title = {Clean Code},
  author = {Robert C. Martin},
  isbn = {9780132350884},
  year = {2008},
  publisher = {Pearson Education},
  keywords = {Software Design}
}

@misc{BlackBoxLecture,
  title = {SWTF22Lektion03.1},
  author = {Bjørn Reese},
  year = {2022},
  url = {https://panopto.au.dk/Panopto/Pages/Viewer.aspx?id=7e3c0141-339b-48f0-86c2-ae3e00dacc1e}
}

@misc{TekniskBilag,
  title   = {Teknisk Bilag - Dungeons and Gnoblins},
  author  = {
             Magnus Blaabjerg Møller and
             Sune Andreas Dyrbye and
             Morten Høgsberg and
             Rasmus Engelund and
             Anders Hundahl and
             Oscar Dennis and
             Jacob Hoberg and
             Luyen Vu
             },
  year    = {2022}
  }

