@misc{WikiNYSE,
  author  = {unknown},
  title   = {New York Stock Exchange},
  year    = {2021},
  url     = {https://en.wikipedia.org/wiki/New_York_Stock_Exchange},
  urldate = {2022-02-01}
  }

@book{CleanCode,
  title = {Clean Code},
  author = {Robert C. Martin},
  isbn = {9780132350884},
  year = {2008},
  publisher = {Pearson Education},
  keywords = {Software Design}
}

@online{Entity Framework Core,
author = {Microsoft},
title = {Entity Framework Core},
year = {2021},
url = {https://docs.microsoft.com/en-us/ef/core/}
}

@online{Language Integrated Query,
author = {Microsoft},
title = {Language Integrated Query (LINQ)},
year = {2022},
url = {https://docs.microsoft.com/en-us/dotnet/csharp/programming-guide/concepts/linq/}
}

@online{SQL server with docker,
author = {Microsoft},
title = {Quickstart: Run SQL Server container images with Docker},
year = {2022},
url = {https://docs.microsoft.com/en-us/sql/linux/quickstart-install-connect-docker?view=sql-server-ver15&preserve-view=true&pivots=cs1-powershell}
}


@online{Unity.com,
author = {Unity},
title = {Unity.com},
year = {2022},
url = {www.Unity.com}
}

@online{Choose-Unity,
author = {Anurag},
title = {13 Pros & Cons to Know Before Choosing Unity 3D},
year = {30/03-2018},
url = {https://www.newgenapps.com/blogs/unity-3d-pros-cons-analysis-choose-unity/}
}

@online{Microsoft.com,
author = {Microsoft.com},
title = {Microsoft.com},
year = {2022},
url = {www.Microsoft.com}
}

@online{Unity-Pros-Cons,
author = {Unknown},
title = {A Unity Review: Pros and Cons},
year = {Visited 15/03-2022},
url = {https://citrusbits.com/a-unity-review-pros-and-cons/}
}

@online{Yalantis,
author = {Liliia Harkushko},
title = {How to choose a database},
year = {Visited 20/03-2022},
url = {https://yalantis.com/blog/how-to-choose-a-database/}
}

@online{IBM,
author = {Benjamin Anderson},
title = {SQL vs. NoSQL Databases: What's the Difference?},
year = {Visited 20/03-2022},
url = {https://www.ibm.com/cloud/blog/sql-vs-nosql}
}

@online{MongoDB.com,
author = {Lauren Schaefer},
title = {NoSQL vs SQL Databases},
year = {Visited 21/03-2022},
url = {https://www.mongodb.com/nosql-explained/nosql-vs-sql}
}

@online{MVC pattern,
author = {Rick Anderson og Kirk Larkin},
title = {Tutorial: Create a web API with ASP.NET Core},
year = {Visited 28/05-2022},
url = {https://docs.microsoft.com/en-us/aspnet/core/tutorials/first-web-api?view=aspnetcore-6.0&tabs=visual-studio}
}


@online{MVC controller,
author = {Stephen Walther},
title = {ASP.NET MVC Controller Overview (C#)},
year = {Visited 28/05-2022},
url = {https://docs.microsoft.com/en-us/aspnet/mvc/overview/older-versions-1/controllers-and-routing/aspnet-mvc-controllers-overview-cs}
}

@online{REST,
author = {Lokesh Gupta},
title = {What is REST},
year = {Visited 28/05-2022},
url = {https://restfulapi.net/}
}

@online{Bcrypt,
author = {Unknown},
title = {Bcrypt.Net},
year = {Visited 28/05-2022},
url = {https://github.com/BcryptNet/bcrypt.net}
}

@online{Swagger,
author = {Unknown},
title = {Get started with Swashbuckle and ASP.NET Core},
year = {Visited 28/05-2022},
url = {https://docs.microsoft.com/en-us/aspnet/core/tutorials/getting-started-with-swashbuckle?view=aspnetcore-6.0&tabs=visual-studio}
}

@online{EF Core,
author = {Unknown},
title = {Entity Framework Core},
year = {Visited 28/05-2022},
url = {https://docs.microsoft.com/en-us/ef/core/}
}

@misc{Mediator,
author = {Andy},
title = {Navigating between views in WPF / MVVM},
year = {Visited 12/04-2022},
url = {https://www.technical-recipes.com/2018/navigating-between-views-in-wpf-mvvm/}
}

@misc{comboBox,
author = {Magnus (MM8) (revision by 
Carsten Siemens)},
title = {Changing The Background Color Of a ComboBox In WPF On Windows 8},
year = {Visited 06/05-2022},
url = {https://social.technet.microsoft.com/wiki/contents/articles/24240.changing-the-background-color-of-a-combobox-in-wpf-on-windows-8.aspx}
}



