@online{WikiZork,
  author  = {},
  title   = {Zork},
  date    = {2022},
  url     = {https://en.wikipedia.org/wiki/Zork},
  note    = {Accessed: 03-02-2022}
}

@online{WikiBeyondZork,
  author  = {},
  title   = {Beyond Zork},
  date    = {2022},
  url     = {https://en.wikipedia.org/wiki/Beyond_Zork},
  note    = {Accessed: 03-02-2022}
}

@online{Statista,
  author  = {Statista},
  title   = {Share of gamers in the United States who prefer single player or multiplayer video games as of October 2021},
  date    = {2021},
  url     = {https://www.statista.com/statistics/1276132/single-player-vs-multiplayer-video-gaming-preference-usa/},
  note    = {Accessed: 03-02-2022}}
