@book{einstein,
  title = {test},
  author = {einstein},
  year  = {1906}
}
